<record><leader>00000cas a22000007a 4500</leader><controlfield tag="001">13502280</controlfield><controlfield tag="008">860428d18901935wvuwr ne      0    0eng d</controlfield><datafield ind1=" " ind2=" " tag="010"><subfield code="a">sn 86092525 </subfield></datafield><datafield ind1=" " ind2=" " tag="040"><subfield code="a">WVC</subfield><subfield code="b">eng</subfield><subfield code="c">WVC</subfield><subfield code="d">OCL</subfield><subfield code="d">OCLCQ</subfield></datafield><datafield ind1="0" ind2="0" tag="245"><subfield code="a">Wheeling Sunday news.</subfield></datafield><datafield ind1=" " ind2=" " tag="260"><subfield code="a">Wheeling, W. Va. :</subfield><subfield code="b">News Publ. Co.,</subfield><subfield code="c">-1935.</subfield></datafield><datafield ind1=" " ind2=" " tag="300"><subfield code="a">v.</subfield></datafield><datafield ind1=" " ind2=" " tag="310"><subfield code="a">Weekly</subfield></datafield><datafield ind1="1" ind2=" " tag="362"><subfield code="a">Began in 1890?</subfield></datafield><datafield ind1="0" ind2=" " tag="362"><subfield code="a">-v. 45, no. 335 (Aug. 25, 1935).</subfield></datafield><datafield ind1=" " ind2=" " tag="580"><subfield code="a">Issued also in daily editions entitled: Wheeling evening news, and: Wheeling daily news.</subfield></datafield><datafield ind1=" " ind2=" " tag="588"><subfield code="a">Description based on: Vol. 5, no. 23 (Oct. 14, 1894).</subfield></datafield><datafield ind1=" " ind2=" " tag="752"><subfield code="a">United States</subfield><subfield code="b">West Virginia</subfield><subfield code="c">Ohio</subfield><subfield code="d">Wheeling.</subfield></datafield><datafield ind1="1" ind2=" " tag="775"><subfield code="t">Wheeling evening news</subfield><subfield code="w">(DLC)sn 86092526</subfield></datafield><datafield ind1="1" ind2=" " tag="775"><subfield code="t">Wheeling daily news</subfield><subfield code="w">(DLC)sn 85038298</subfield></datafield><datafield ind1="0" ind2="1" tag="780"><subfield code="t">Sunday news-letter</subfield><subfield code="w">(DLC)sn 86092524</subfield></datafield></record>